<?xml version="1.0" encoding="UTF-8"?><collection xmlns="http://www.loc.gov/MARC21/slim"><record><leader>00379nam--2200133-i-4500</leader><controlfield tag="001">000013017</controlfield><controlfield tag="002">20161230</controlfield><controlfield tag="005">20161230201030</controlfield><controlfield tag="008">060222s1000------------r-----000-0-eng-d</controlfield><datafield ind1=" " ind2=" " tag="100"><subfield code="a">Dupont, Philippe Et Tallineau, Yves</subfield></datafield><datafield ind1=" " ind2=" " tag="245"><subfield code="a">Les langages de programation en parallele: fortran cobol, pl-1, apl</subfield></datafield><datafield ind1=" " ind2=" " tag="260"><subfield code="a">Paris, Masson Et Cie, 1974</subfield></datafield><datafield ind1=" " ind2=" " tag="490"><subfield code="a">Vii+149p</subfield></datafield><datafield ind1=" " ind2=" " tag="852"><subfield code="a">519.682.2</subfield></datafield></record></collection>